@misc{sklearn_linear_model,
  author       = {{Scikit-learn developers}},
  title        = {Linear Models},
  howpublished = {\url{https://scikit-learn.org/stable/modules/linear_model.html}},
  note         = {Accessed: 2025-10-14},
  year         = {2025}
}

@misc{wiki_scoring_rule,
  author       = {{Wikipedia contributors}},
  title        = {Scoring rule --- {Wikipedia}{,} The Free Encyclopedia},
  year         = {2025},
  howpublished = {\url{https://en.wikipedia.org/wiki/Scoring_rule}},
  note         = {Accessed: 2025-10-14}
}

@misc{wiki_mse,
  author       = {{Wikipedia contributors}},
  title        = {Mean squared error --- {Wikipedia}{,} The Free Encyclopedia},
  year         = {2025},
  howpublished = {\url{https://en.wikipedia.org/wiki/Mean_squared_error}},
  note         = {Accessed: 2025-10-14}
}

@misc{wiki_r_squared,
  author       = {{Wikipedia contributors}},
  title        = {Coefficient of determination --- {Wikipedia}{,} The Free Encyclopedia},
  year         = {2025},
  howpublished = {\url{https://en.wikipedia.org/wiki/Coefficient_of_determination}},
  note         = {Accessed: 2025-10-14}
}

@misc{wiki_generalization_error,
  author       = {{Wikipedia contributors}},
  title        = {Generalization error --- {Wikipedia}{,} The Free Encyclopedia},
  year         = {2025},
  howpublished = {\url{https://en.wikipedia.org/wiki/Generalization_error}},
  note         = {Accessed: 2025-10-14}
}

@misc{wiki_pca,
  author       = {{Wikipedia contributors}},
  title        = {Principal component analysis --- {Wikipedia}{,} The Free Encyclopedia},
  year         = {2025},
  howpublished = {\url{https://en.wikipedia.org/wiki/Principal_component_analysis}},
  note         = {Accessed: 2025-10-14}
}

@misc{sklearn_pca,
  author       = {{Scikit-learn developers}},
  title        = {sklearn.decomposition.PCA},
  howpublished = {\url{https://scikit-learn.org/stable/modules/generated/sklearn.decomposition.PCA.html}},
  note         = {Accessed: 2025-10-14},
  year         = {2025}
}

@misc{sklearn_cross_validation,
  author       = {{Scikit-learn developers}},
  title        = {Cross-validation: evaluating estimator performance},
  howpublished = {\url{https://scikit-learn.org/stable/modules/cross_validation.html}},
  note         = {Accessed: 2025-10-14},
  year         = {2025}
}

@misc{numpy_where,
  author       = {{NumPy developers}},
  title        = {numpy.where --- NumPy v2.3 Manual},
  howpublished = {\url{https://numpy.org/doc/2.3/reference/generated/numpy.where.html}},
  note         = {Accessed: 2025-10-14},
  year         = {2025}
}

@misc{polars,
  author       = {{Polars developers}},
  title        = {Polars Documentation},
  howpublished = {\url{https://docs.pola.rs/}},
  note         = {Accessed: 2025-10-14},
  year         = {2025}
}